<?xml version="1.0" encoding="UTF-8"?>
  <record xmlns="http://www.loc.gov/MARC21/slim" type="Authority">
    <leader>00000nz  a2200000nc 4500</leader>
    <controlfield tag="001">040670295</controlfield>
    <controlfield tag="003">DE-101</controlfield>
    <controlfield tag="005">20211125142908.0</controlfield>
    <controlfield tag="008">880701n||azznnaabn           | ana    |c</controlfield>
    <datafield tag="024" ind1="7" ind2=" ">
      <subfield code="a">4067029-6</subfield>
      <subfield code="0">http://d-nb.info/gnd/4067029-6</subfield>
      <subfield code="2">gnd</subfield>
    </datafield>
    <datafield tag="035" ind1=" " ind2=" ">
      <subfield code="a">(DE-101)040670295</subfield>
    </datafield>
    <datafield tag="035" ind1=" " ind2=" ">
      <subfield code="a">(DE-588)4067029-6</subfield>
    </datafield>
    <datafield tag="035" ind1=" " ind2=" ">
      <subfield code="z">(DE-588)35752-2</subfield>
    </datafield>
    <datafield tag="035" ind1=" " ind2=" ">
      <subfield code="z">(DE-588b)35752-2</subfield>
      <subfield code="9">v:zg</subfield>
    </datafield>
    <datafield tag="035" ind1=" " ind2=" ">
      <subfield code="z">(DE-588c)4067029-6</subfield>
      <subfield code="9">v:zg</subfield>
    </datafield>
    <datafield tag="040" ind1=" " ind2=" ">
      <subfield code="a">DE-101</subfield>
      <subfield code="c">DE-101</subfield>
      <subfield code="9">r:DE-101</subfield>
      <subfield code="b">ger</subfield>
      <subfield code="d">1250</subfield>
    </datafield>
    <datafield tag="042" ind1=" " ind2=" ">
      <subfield code="a">gnd1</subfield>
    </datafield>
    <datafield tag="043" ind1=" " ind2=" ">
      <subfield code="c">XA-DXDE</subfield>
      <subfield code="c">XA-DE-BW</subfield>
    </datafield>
    <datafield tag="075" ind1=" " ind2=" ">
      <subfield code="b">g</subfield>
      <subfield code="2">gndgen</subfield>
    </datafield>
    <datafield tag="075" ind1=" " ind2=" ">
      <subfield code="b">gik</subfield>
      <subfield code="2">gndspec</subfield>
    </datafield>
    <datafield tag="079" ind1=" " ind2=" ">
      <subfield code="a">g</subfield>
      <subfield code="q">f</subfield>
      <subfield code="q">g</subfield>
      <subfield code="q">s</subfield>
      <subfield code="u">w</subfield>
      <subfield code="u">z</subfield>
      <subfield code="u">o</subfield>
      <subfield code="u">v</subfield>
    </datafield>
    <datafield tag="083" ind1="0" ind2="4">
      <subfield code="z">2</subfield>
      <subfield code="a">4347</subfield>
      <subfield code="9">d:3</subfield>
      <subfield code="9">t:2007-01-01</subfield>
      <subfield code="2">22/ger</subfield>
    </datafield>
    <datafield tag="151" ind1=" " ind2=" ">
      <subfield code="a">Württemberg</subfield>
    </datafield>
    <datafield tag="451" ind1=" " ind2=" ">
      <subfield code="a">Würtemberg</subfield>
    </datafield>
    <datafield tag="451" ind1=" " ind2=" ">
      <subfield code="a">Wirtemberg</subfield>
    </datafield>
    <datafield tag="451" ind1=" " ind2=" ">
      <subfield code="a">Wirtenberg</subfield>
    </datafield>
    <datafield tag="451" ind1=" " ind2=" ">
      <subfield code="a">Volksstaat Württemberg</subfield>
      <subfield code="9">v:1918-1933</subfield>
    </datafield>
    <datafield tag="451" ind1=" " ind2=" ">
      <subfield code="a">Grafschaft Württemberg</subfield>
    </datafield>
    <datafield tag="451" ind1=" " ind2=" ">
      <subfield code="a">Herzogtum Württemberg</subfield>
    </datafield>
    <datafield tag="451" ind1=" " ind2=" ">
      <subfield code="a">Königreich Württemberg</subfield>
    </datafield>
    <datafield tag="451" ind1=" " ind2=" ">
      <subfield code="a">Baden-Württemberg</subfield>
      <subfield code="z">Ost</subfield>
    </datafield>
    <datafield tag="451" ind1=" " ind2=" ">
      <subfield code="a">Württemberg</subfield>
      <subfield code="g">Herzogtum</subfield>
    </datafield>
    <datafield tag="451" ind1=" " ind2=" ">
      <subfield code="a">Freier Volksstaat Württemberg</subfield>
    </datafield>
    <datafield tag="451" ind1=" " ind2=" ">
      <subfield code="a">Württemberg</subfield>
      <subfield code="g">Grafschaft</subfield>
    </datafield>
    <datafield tag="451" ind1=" " ind2=" ">
      <subfield code="a">Württemberg</subfield>
      <subfield code="g">Königreich</subfield>
    </datafield>
    <datafield tag="451" ind1=" " ind2=" ">
      <subfield code="a">Württemberg</subfield>
      <subfield code="g">Freier Volksstaat</subfield>
    </datafield>
    <datafield tag="548" ind1=" " ind2=" ">
      <subfield code="a">-1945</subfield>
      <subfield code="4">datb</subfield>
      <subfield code="4">https://d-nb.info/standards/elementset/gnd#dateOfTermination</subfield>
      <subfield code="w">r</subfield>
      <subfield code="i">Zeitraum</subfield>
    </datafield>
    <datafield tag="550" ind1=" " ind2=" ">
      <subfield code="0">(DE-101)962747297</subfield>
      <subfield code="0">(DE-588)4652965-2</subfield>
      <subfield code="0">https://d-nb.info/gnd/4652965-2</subfield>
      <subfield code="a">Württemberger</subfield>
      <subfield code="4">vbal</subfield>
      <subfield code="4">https://d-nb.info/standards/elementset/gnd#relatedTerm</subfield>
      <subfield code="w">r</subfield>
      <subfield code="i">Verwandter Begriff</subfield>
    </datafield>
    <datafield tag="551" ind1=" " ind2=" ">
      <subfield code="0">(DE-101)040670309</subfield>
      <subfield code="0">(DE-588)4067030-2</subfield>
      <subfield code="0">https://d-nb.info/gnd/4067030-2</subfield>
      <subfield code="a">Württemberg-Baden</subfield>
      <subfield code="4">nach</subfield>
      <subfield code="4">https://d-nb.info/standards/elementset/gnd#succeedingPlaceOrGeographicName</subfield>
      <subfield code="w">r</subfield>
      <subfield code="i">Nachfolger</subfield>
    </datafield>
    <datafield tag="551" ind1=" " ind2=" ">
      <subfield code="0">(DE-101)043175414</subfield>
      <subfield code="0">(DE-588)4317541-7</subfield>
      <subfield code="0">https://d-nb.info/gnd/4317541-7</subfield>
      <subfield code="a">Württemberg-Hohenzollern</subfield>
      <subfield code="4">nach</subfield>
      <subfield code="4">https://d-nb.info/standards/elementset/gnd#succeedingPlaceOrGeographicName</subfield>
      <subfield code="w">r</subfield>
      <subfield code="i">Nachfolger</subfield>
    </datafield>
    <datafield tag="551" ind1=" " ind2=" ">
      <subfield code="0">(DE-101)04004176X</subfield>
      <subfield code="0">(DE-588)4004176-1</subfield>
      <subfield code="0">https://d-nb.info/gnd/4004176-1</subfield>
      <subfield code="a">Baden-Württemberg</subfield>
      <subfield code="4">nach</subfield>
      <subfield code="4">https://d-nb.info/standards/elementset/gnd#succeedingPlaceOrGeographicName</subfield>
      <subfield code="w">r</subfield>
      <subfield code="i">Nachfolger</subfield>
    </datafield>
    <datafield tag="667" ind1=" " ind2=" ">
      <subfield code="a">BnPe</subfield>
    </datafield>
    <datafield tag="670" ind1=" " ind2=" ">
      <subfield code="a">LCAuth</subfield>
    </datafield>
    <datafield tag="670" ind1=" " ind2=" ">
      <subfield code="a">Geo-Du.</subfield>
    </datafield>
    <datafield tag="670" ind1=" " ind2=" ">
      <subfield code="a">M</subfield>
    </datafield>
    <datafield tag="678" ind1=" " ind2=" ">
      <subfield code="b">Die Grafschaft Württemberg wurde 1495 Herzogtum. 1806 mit bedeutenden Gebietserweiterungen Königreich. 1918 als "Freier Volksstaat" Republik (Selbstbezeichnung lt. Verfassung). 1945 aufgrund der Lage in zwei Besatzungszonen geteilt und Teil von zwei Bundesländern (Württemberg-Baden &amp; Württemberg-Hohenzollern). Seit 1952, der Fusion von Württemberg-Baden, Württemberg-Hohenzollern und (Süd-)Baden, bilden das historische Gebiet von Württemberg (bis 1945) und das historische Gebiet von Baden (bis 1945) das Land Baden-Württemberg.</subfield>
    </datafield>
    <datafield tag="678" ind1=" " ind2=" ">
      <subfield code="b">12. Jh.-1945. Nördlicher Landesteil ab 1945 zu Württemberg-Baden. Südlicher Landesteil ab 1945 zu Württemberg-Hohenzollern. Diese 1952 aufgegangen in Baden-Württemberg.</subfield>
    </datafield>
    <datafield tag="680" ind1=" " ind2=" ">
      <subfield code="a">Auch benutzt für den östlichen Landesteil von Baden-Württemberg</subfield>
    </datafield>
    <datafield tag="913" ind1=" " ind2=" ">
      <subfield code="S">swd</subfield>
      <subfield code="i">g</subfield>
      <subfield code="a">Württemberg</subfield>
      <subfield code="0">(DE-588c)4067029-6</subfield>
    </datafield>
    <datafield tag="913" ind1=" " ind2=" ">
      <subfield code="S">gkd</subfield>
      <subfield code="i">a</subfield>
      <subfield code="a">Württemberg</subfield>
      <subfield code="0">(DE-588b)35752-2</subfield>
    </datafield>
  </record>
